@inbook{midpoint_rule,
	author	= "A.C Faul",
	title	= "A Concise Introduction to Numerical Analysis",
	chapter	= "5",
	pages	= "131",
	publisher= "CRC Press",
	year	= "2016",
}


@inbook{
	author 		= {Hans G. Dehmelt},
	title 		= {{Hans G. Dehmelt - Biographical}},
	year		= {1989},
	publisher	= {The {N}obel {P}rizes},
	note       	= {Retrived from: \url{https://www.nobelprize.org/prizes/physics/1989/dehmelt/biographical/} (Oct. 2022)}
}
