@article{Onsager_Ising2D,
  title = {Crystal Statistics. I. A Two-Dimensional Model with an Order-Disorder Transition},
  author = {Onsager, Lars},
  journal = {Phys. Rev.},
  volume = {65},
  issue = {3-4},
  pages = {117--149},
  numpages = {0},
  year = {1944},
  month = {Feb},
  publisher = {American Physical Society},
  doi = {10.1103/PhysRev.65.117},
  url = {https://link.aps.org/doi/10.1103/PhysRev.65.117}
}

@book{crit_expo,
isbn = {0198517300},
keywords = {Phase transformations (Statistical physics)},
language = {eng},
lccn = {lc 91040516},
publisher = {Clarendon Press},
series = {Oxford science publications},
title = {Statistical mechanics of phase transitions },
year = {1992},
author = {Yeomans, J. M.},
address = {Oxford},
booktitle = {Statistical mechanics of phase transitions},
}

@misc{lecture_notes,
  author        = {Morten Hjort-Jensen},
  title         = {Computation Physics, Lecture Notes Fall 2015},
  month         = {August},
  year          = {2015},
  pages         = {21},
}

@book{swendsen,
  isbn        = {9780198853237},
  language       = {eng},
  publisher      = {Oxford University Press},
  series         = {Oxford science publications},
  title       = {An Introduction to Statistical Mechanics and Thermodynamics},
  year       = {2020},
  author      = {Robert H. Swendsen}
}

@misc{berryman_2016,
 title={Democritus},
 url={https://plato.stanford.edu/entries/democritus/#6},
  journal={Stanford Encyclopedia of Philosophy},
   publisher={Stanford University},
    author={Berryman, Sylvia},
     year={2016},
      month={Dec}
      }

@misc{QMH,
 title={Quantum mechanics history},
 url={https://mathshistory.st-andrews.ac.uk/HistTopics/The_Quantum_age_begins/?fbclid=IwAR32JFnPO_p0ONXqJbLKCofM6Q28hbQG5ZaPSQtc1rpjAnac7qVYoJ8UOrg},
  journal={MacTutor},
   publisher={St. Andrews University},
    author={O'Connor, J.J.},
     year={2022},
      month={Dec}
      }