@article{Onsager_Ising2D,
  title = {Crystal Statistics. I. A Two-Dimensional Model with an Order-Disorder Transition},
  author = {Onsager, Lars},
  journal = {Phys. Rev.},
  volume = {65},
  issue = {3-4},
  pages = {117--149},
  numpages = {0},
  year = {1944},
  month = {Feb},
  publisher = {American Physical Society},
  doi = {10.1103/PhysRev.65.117},
  url = {https://link.aps.org/doi/10.1103/PhysRev.65.117}
}
